<?xml version="1.0" encoding="UTF-8" ?>
<collection xmlns:xsi="http://www.w3.org/2001/XMLSchema-instance"
    xsi:schemaLocation="http://www.loc.gov/MARC21/slim
        http://www.loc.gov/standards/marcxml/schema/MARC21slim.xsd"
    xmlns="http://www.loc.gov/MARC21/slim">
<record>
  <leader>00207cam a2200373 i 4500</leader>
  <controlfield tag="001">b1276730x</controlfield>
  <controlfield tag="003">LeBAU</controlfield>
  <controlfield tag="005">20170922</controlfield>
  <controlfield tag="008">971112s1946    ua            ||0 0 ara d</controlfield>
  <datafield tag="035" ind1=" " ind2=" ">
    <subfield code="a">ocn784508226</subfield>
  </datafield>
  <datafield tag="040" ind1=" " ind2=" ">
    <subfield code="a">LEAUB</subfield>
    <subfield code="b">ara</subfield>
    <subfield code="e">rda</subfield>
    <subfield code="c">LEAUB</subfield>
    <subfield code="d">LEAUB</subfield>
  </datafield>
  <datafield tag="082" ind1="0" ind2="4">
    <subfield code="a">923.4</subfield>
    <subfield code="2">20</subfield>
  </datafield>
  <datafield tag="100" ind1="1" ind2=" ">
    <subfield code="6">880-01</subfield>
    <subfield code="a">Shāfiʻī, Muḥammad ibn Idrīs,</subfield>
    <subfield code="d">767 or 768-820,</subfield>
    <subfield code="e">author.</subfield>
  </datafield>
  <datafield tag="245" ind1="1" ind2="0">
    <subfield code="6">880-02</subfield>
    <subfield code="a">Tārīkh al-Imām al-Shāfi‘ī :</subfield>
    <subfield code="b">bi-qalamihi wa-mā katabahu ‘an nafsih wa-tashmulu sabab ḥuḍūrihi li-Miṣr wa-riḥlatihi ilá al-Madīnah wa-Makkah wa-al-Kūfah wa-al-‘Irāq wa-mā laqāh /</subfield>
    <subfield code="c">riwāyah ‘an Abī Bakr Muḥammad ibn al-Mundhir ‘an Abī Muḥammad al-Rabī‘ al-Murādī ‘an al-Shāfi‘ī nafsahu, wa-fī awwalihā samā‘ lil-‘Allāmah al-Juwaynī wa-bi-ākhirihā samā‘ ayḍan lil-‘Allāmah al-Juwānī al-nassābah naqīb al-nuqabā’. Wa-yalīhi Tārīkh shāmil lil-Imām al-Shāfi‘ī ayḍan wa-dhikr manāqibihi wa-karāmātihi wa-madhabayhi al-qadīm wa-al-jadīd wa-sabab majī’ihi li-Miṣr wa-mā ḥadathah fī wafātihi bihā / min ta’līf al-‘allāmah al-‘ālim ṣāḥib al-darajatayn dhī al-samāḥah wa-al-faḍīlah al-ustādh al-kabīr al-ḥabr al-baḥr al-Sayyid Ḥusayn Muḥammad al-Rifā‘ī al-Shāfi‘ī al-Ḥanafī, min kibār ulamā’ al-Azhar wa-al-mushrif al-‘ām ‘alá ma‘āriḍ Dār al-Kutub al-Miṣrīyah bi-al-Qāhirah wa-ra’īs Rābiṭat al-Ashrāf al-Kubrá al-‘alamīyah.</subfield>
  </datafield>
  <datafield tag="264" ind1=" " ind2="1">
    <subfield code="6">880-03</subfield>
    <subfield code="a">Miṣr :</subfield>
    <subfield code="b">Maṭba‘at al-Ḥurrīyah,</subfield>
    <subfield code="c">1366 H., [1946? M.]</subfield>
  </datafield>
  <datafield tag="300" ind1=" " ind2=" ">
    <subfield code="6">880-05</subfield>
    <subfield code="a">64 pages ;</subfield>
    <subfield code="c">20 cm</subfield>
  </datafield>
  <datafield tag="336" ind1=" " ind2=" ">
    <subfield code="a">text</subfield>
    <subfield code="b">txt</subfield>
    <subfield code="2">rdacontent</subfield>
  </datafield>
  <datafield tag="337" ind1=" " ind2=" ">
    <subfield code="a">unmediated</subfield>
    <subfield code="b">n</subfield>
    <subfield code="2">rdamedia</subfield>
  </datafield>
  <datafield tag="338" ind1=" " ind2=" ">
    <subfield code="a">volume</subfield>
    <subfield code="b">nc</subfield>
    <subfield code="2">rdacarrier</subfield>
  </datafield>
  <datafield tag="600" ind1="1" ind2="4">
    <subfield code="a">الشافعي، محمد بن إدريس،</subfield>
    <subfield code="d">767 او 768-820.</subfield>
  </datafield>
  <datafield tag="600" ind1="1" ind2="0">
    <subfield code="a">Shāfiʻī, Muḥammad ibn Idrīs,</subfield>
    <subfield code="d">767 or 768-820.</subfield>
  </datafield>
  <datafield tag="650" ind1=" " ind2="4">
    <subfield code="a">العلماء (الإسلام)</subfield>
    <subfield code="v">تراجم.</subfield>
  </datafield>
  <datafield tag="650" ind1=" " ind2="0">
    <subfield code="a">Ulama</subfield>
    <subfield code="v">Biography.</subfield>
  </datafield>
  <datafield tag="700" ind1="1" ind2=" ">
    <subfield code="6">880-05</subfield>
    <subfield code="a">Rifā‘ī, Ḥusayn Muḥammad,</subfield>
    <subfield code="e">author.</subfield>
  </datafield>
  <datafield tag="852" ind1=" " ind2=" ">
    <subfield code="a">Jafet Archives and Special Collections</subfield>
    <subfield code="e">American University of Beirut, Bliss Street , Beirut, Lebanon.</subfield>
  </datafield>
  <datafield tag="880" ind1="1" ind2=" ">
    <subfield code="6">100-01/(3/r</subfield>
    <subfield code="a">الشافعي، محمد بن ادريس،</subfield>
    <subfield code="d">767 او 768-820،</subfield>
    <subfield code="e">مؤلف. </subfield>
    <subfield code="4">aut.</subfield>
  </datafield>
  <datafield tag="880" ind1="1" ind2="0">
    <subfield code="6">245-02/(3/r</subfield>
    <subfield code="a">تاريخ الإمام الشافعي :</subfield>
    <subfield code="b">بقلمه وما كتبه عن نفسه وتشمل سبب حضوره لمصر ورحلته الى المدينة ومكة و الكوفة و العراق وما لاقاه /</subfield>
    <subfield code="c">رواية عن أبي بكر محمد بن المنذر عن أبي محمد الربيع المرادي عن الشافعي نفسه وفي أولها سماع للعلامة الجويني وبآخرها سماع أيضاُ للعلامة الجوانبي النسابة نقيب النقباء. ويليه تاريخ شامل للإمام الشافعي أيضاً وذكر مناقبه وكراماته ومذهبيه القديم والجديد وسبب مجيئه لمصر وما حدث في وفاته بها / من تأليف العلامة العالم صاحب الدرجتين ذي السماحة والفضيلة الأستاذ الكبير الحبر البحر السيد حسين محمد الرفاعي الشافعي الحنفي، من كبار علماء الأزهر والمشرف العام على معارض دار الكتب المصرية بالقاهرة ورئيس رابطة الأشراف الكبرى العالمية</subfield>
  </datafield>
  <datafield tag="880" ind1=" " ind2="1">
    <subfield code="6">264-03/(3/r</subfield>
    <subfield code="a">مصر :</subfield>
    <subfield code="b">مطبعة الحرية،</subfield>
    <subfield code="c">1366 هـ.، [1946؟ م.]</subfield>
  </datafield>
  <datafield tag="880" ind1=" " ind2=" ">
    <subfield code="6">300-04/(3/r</subfield>
    <subfield code="a">64 صفحة ؛</subfield>
    <subfield code="c">20 سم</subfield>
  </datafield>
  <datafield tag="880" ind1="1" ind2=" ">
    <subfield code="6">700-05/(3/r</subfield>
    <subfield code="a">الرفاعي، حسين محمد،</subfield>
    <subfield code="e">مؤلف. </subfield>
    <subfield code="4">aut.</subfield>
  </datafield>
  <datafield tag="907" ind1=" " ind2=" ">
    <subfield code="a">.b1276730x</subfield>
    <subfield code="b">17-10-03</subfield>
    <subfield code="c">11-05-24</subfield>
  </datafield>
  <datafield tag="907" ind1=" " ind2=" ">
    <subfield code="a">.b1276730x</subfield>
    <subfield code="b">15-10-15</subfield>
    <subfield code="c">11-05-24</subfield>
  </datafield>
  <datafield tag="945" ind1=" " ind2=" ">
    <subfield code="f">CA</subfield>
    <subfield code="a">923.4:S525tA:c.1</subfield>
    <subfield code="i">01065462</subfield>
    <subfield code="j">.i13344134</subfield>
    <subfield code="l">u0304</subfield>
  </datafield>
  <datafield tag="998" ind1=" " ind2=" ">
    <subfield code="a">u03</subfield>
    <subfield code="b">97-11-12</subfield>
    <subfield code="c">m</subfield>
    <subfield code="d">a</subfield>
    <subfield code="e">-</subfield>
    <subfield code="f">ara</subfield>
    <subfield code="g">ua </subfield>
    <subfield code="h">0</subfield>
    <subfield code="i">1</subfield>
  </datafield>
</record>
</collection>
